%%
@Article{forbes,
     author    = "Forbes, Michael McNeil and Zhitnitsky, Ariel R.",
     title     = "{Dark antimatter as a galactic heater: X-rays from the core
                  of our  galaxy}",
     journal   = "JCAP",
     volume    = "0801",
     year      = "2008",
     pages     = "023",
     eprint    = "astro-ph/0611506"
}

@Book{landau,
  author       = "L. D. Landau and E. M. Lifshitz",
  title        = "Quantum Mechanics: Non-relativistic theory",
  publisher    = "Pergamon Press",
  year         = "1989, c1977",
  volume       = "3",
  series       = "Course of Theoretical Physics",
  address      = "Oxford; New York",
  edition      = "Third",
}

@InCollection{articleX,
  author       = "R. D. Peccei",
  title        = "Special Topics: The Strong {CP} Problem",
  booktitle    = "CP violation",
  publisher    = "World Scientific",
  year         = "1989",
  editor       = "C. Jarlskog",
  address      = "Singapore",
  month        = jan,
}

@Article{bulgac,
  author =       {Aurel Bulgac and Michael McNeil Forbes and Achim
                  Schwenk},
  title =        {Induced {P-wave} Superfluidity in Asymmetric Fermi
                  Gases},
  journal =      "Phys. Rev. Lett.",
  volume =       97,
  year =         2006,
  pages =        020402,
  eprint =       {arXiv:cond-mat/0602274}
}

@InProceedings{articleY,
  author       = "S. A. {Colgate} and H. {Li}",
  title        = "The Magnetic Fields of the Universe and Their Origin",
  booktitle    = "10 pages, 1 figure (figures.png), invited talk at IAU
                 195 Preprint no. LAUR 00-180.",
  year         = "2000",
  month        = jan,
  pages        = "1418",
  URL          = "{http://adsabs.harvard.edu/cgi-bin/nph-bib_query?bibcode=\
2000astro.ph..1418C&db_key=PRE}",
  adsnote      = "Provided by the NASA Astrophysics Data System",
  eprint       = "astro-ph/0001418"
}

@Misc{turner,
  author       = "M. S. Turner",
  title        = "Dark Matter, Dark Energy and Fundamental Physics",
  howpublished = "astro-ph/9912211",
  year         = "1999",
  month        = dec
}

@Book{vilenkin,
  author =       {Alexander Vilenkin and E. P. S. Shellard},
  title =        {Cosmic Stringas and Other Topological Defects},
  publisher =    {Cambridge University Press},
  year =         1994,
  address =      {Cambridge}
}

\endinput
%%
%% End of file `sample.bib'.
